@inproceedings{lipman2008green,
  title={Green coordinates},
  author={Lipman, Yaron and Levin, David and Cohen-Or, Daniel},
  booktitle={ACM Transactions on Graphics (TOG)},
  volume={27},
  pages={78},
  year={2008},
  organization={ACM}
}

